@article{santos2017indoor,
  title={Indoor low-cost localization system for controlling aerial robots},
  author={Santos, Milton CP and Santana, Lucas V and Brand{\~a}o, Alexandre S and Sarcinelli-Filho, M{\'a}rio and Carelli, Ricardo},
  journal={Control Engineering Practice},
  volume={61},
  pages={93--111},
  year={2017},
  publisher={Elsevier}
}

@article{baca2021mrs,
  title={The MRS UAV system: Pushing the frontiers of reproducible research, real-world deployment, and education with autonomous unmanned aerial vehicles},
  author={Baca, Tomas and Petrlik, Matej and Vrba, Matous and Spurny, Vojtech and Penicka, Robert and Hert, Daniel and Saska, Martin},
  journal={Journal of Intelligent \& Robotic Systems},
  volume={102},
  number={1},
  pages={1--28},
  year={2021},
  publisher={Springer}
}

@article{dennis1974characterization,
  title={A characterization of superlinear convergence and its application to quasi-Newton methods},
  author={Dennis, John E and Mor{\'e}, Jorge J},
  journal={Mathematics of computation},
  volume={28},
  number={126},
  pages={549--560},
  year={1974}
}

@article{liu2017novel,
  title={A novel system for correction of relative angular displacement between airborne platform and UAV in target localization},
  author={Liu, Chenglong and Liu, Jinghong and Song, Yueming and Liang, Huaidan},
  journal={Sensors},
  volume={17},
  number={3},
  pages={510},
  year={2017},
  publisher={MDPI}
}